<?xml version="1.0" encoding="UTF-8"?><collection xmlns="http://www.loc.gov/MARC21/slim"><record><leader>00578nam--2200169-i-4500</leader><controlfield tag="001">000040354</controlfield><controlfield tag="002">20161230</controlfield><controlfield tag="005">20161230201042</controlfield><controlfield tag="008">060222s1000------------r-----000-0-eng-d</controlfield><datafield ind1=" " ind2=" " tag="040"><subfield code="a">IFIN-HH</subfield></datafield><datafield ind1=" " ind2=" " tag="080"><subfield code="a">531.19:539.126.6(061.3)</subfield></datafield><datafield ind1="1" ind2=" " tag="100"><subfield code="a">Satz,Helmut</subfield></datafield><datafield ind1="1" ind2="0" tag="245"><subfield code="a">Statistical mechanics of quarke and hadrons</subfield><subfield code="b">Proceedings of an International Symposium, held at the University of Bielefeld, R.F.G., August 24-31, 1980</subfield><subfield code="c">Helmut Satz (Ed.)</subfield></datafield><datafield ind1=" " ind2=" " tag="260"><subfield code="a">Amsterdam, North-holland Publ.Comp.,1981</subfield></datafield><datafield ind1=" " ind2=" " tag="300"><subfield code="a">XII + 479 P</subfield></datafield><datafield ind1=" " ind2=" " tag="852"><subfield code="a">70144</subfield><subfield code="c">531</subfield></datafield><datafield ind1=" " ind2=" " tag="CAT"><subfield code="a">Sys</subfield><subfield code="c">20100701</subfield><subfield code="h">091805</subfield></datafield></record></collection>